<record><leader>00000cas a22000007a 4500</leader><controlfield tag="001">15965612</controlfield><controlfield tag="008">870615d19121975inuwr ne      0    0eng d</controlfield><datafield ind1=" " ind2=" " tag="010"><subfield code="a">sn 87056110 </subfield></datafield><datafield ind1=" " ind2=" " tag="040"><subfield code="a">NPI</subfield><subfield code="b">eng</subfield><subfield code="c">NPI</subfield><subfield code="d">OCLCQ</subfield></datafield><datafield ind1=" " ind2=" " tag="042"><subfield code="a">msc</subfield></datafield><datafield ind1="0" ind2="4" tag="245"><subfield code="a">The Cromwell advance.</subfield></datafield><datafield ind1=" " ind2=" " tag="260"><subfield code="a">Cromwell, Ind. :</subfield><subfield code="b">Donald C. Robbins, "Bob" Robbins,</subfield><subfield code="c">-1975.</subfield></datafield><datafield ind1=" " ind2=" " tag="310"><subfield code="a">Weekly</subfield></datafield><datafield ind1="1" ind2=" " tag="362"><subfield code="a">Began with Aug. 1, 1912 issue.</subfield></datafield><datafield ind1="0" ind2=" " tag="362"><subfield code="a">-v. 63, no. 41 (May 8, 1975).</subfield></datafield><datafield ind1=" " ind2=" " tag="588"><subfield code="a">Description based on: Vol. 24, no. 23 (Jan. 2, 1936).</subfield></datafield><datafield ind1=" " ind2=" " tag="752"><subfield code="a">United States</subfield><subfield code="b">Indiana</subfield><subfield code="c">Noble</subfield><subfield code="d">Cromwell.</subfield></datafield><datafield ind1="0" ind2="7" tag="785"><subfield code="t">Ligonier leader</subfield><subfield code="w">(DLC)sn 87055383</subfield></datafield><datafield ind1="0" ind2="7" tag="785"><subfield code="t">Advance-leader (Ligonier, Ind.)</subfield><subfield code="w">(DLC)sn 87056111</subfield></datafield></record>